@article{Ferreira2013,
  author={Ferreira, Nivan and Poco, Jorge and Vo, Huy T. and Freire, Juliana and Silva, Cláudio T.},
  journal={IEEE Transactions on Visualization and Computer Graphics}, 
  title={Visual Exploration of Big Spatio-Temporal Urban Data: A Study of New York City Taxi Trips}, 
  year={2013},
  volume={19},
  number={12},
  pages={2149-2158},
  doi={10.1109/TVCG.2013.226}
}

@article{Pepic2018,
author = {Pepić, Lana},
year = {2018},
month = {12},
pages = {},
title = {The sharing economy: Uber and its eﬀect on taxi companies},
volume = {16},
journal = {ACTA ECONOMICA},
doi = {10.7251/ACE1828123P}
}
